@misc{citepa1,
title = {Emissions dans l'air en {France} métropole : Substances relatives à l'acidification, 
l'eutrophisation et à la pollution photochimique},
howpublished = {http://www.citepa.org},
year = {2009}
}

@article{Aal2009,
title = {Large-Eddy Simulations of a drizzling, sratocumulus-topped marine boundary layer},
author = {A.S. Ackerman et al.},
journal = {Monthly Weather Review},
volume = {137},
pages = {1083-1110},
year = {2009}
}

@article{Bou1983,
title = {A non-reflective upper boundary condition for limited-height hydrostatic models},
author = {P. Bougeault},
journal = {Monthly Weather Review},
volume = {111},
pages = {420-429},
year = {1983}
}

@article{CL1994,
title = {The theoretical basis for the parameterization of ice crystal habits: growth by vapor deposition},
author = {J.-P. Chen and D. Lamb},
journal = {Journal of Atmospheric Sciences},
volume = {51},
pages = {1206-1221},
year = {1994}
}

@article{Cla1979,
title = {Numerical simulations with a three dimensional cloud model: lateral boundary condition 
experiments and multicellular severe storm simulations},
author = {T.L. Clark},
journal = {Journal of Atmospheric Sciences},
volume = {36},
pages = {2191-2215},
year = {1979}
}

@article{Dea1974,
title = {Three dimensional numerical study of turbulence in an entraining mixed layer},
author = {J.W. Deardorff},
journal = {Boundary-Layer Meteorology},
volume = {7},
pages = {199-226},
year = {1974}
}

@Book{Dur2010,
author = {D.R. Durran},
title = {Numerical methods for fluid dynamics with applications to geophysics, 2nd edition},
publisher = {Texts in Applied Mathematics, Springer},
year = {2010}
}

@article{FL1993,
title = {Parameterization of the radiative properties of cirrus clouds},
author = {Q. Fu and K.-N. Liou},
journal = {Journal of Atmospheric Sciences},
volume = {50},
pages = {2008-2025},
year = {1993}
}

@Book{Gar1992,
author = {J.R. Garratt},
title = {The atmospheric boundary layer},
publisher = {Cambridge University Press},
year = {1994}
}

@article{GS1998,
title = {Total Variation Diminishing Runge-Kutta schemes},
author = {S. Gottlieb and C.-W. Shu},
journal = {Mathematics of Computation},
volume = {67},
pages = {73-85},
year = {1998}
}

@article{GM2008,
title = {Toward the mitigation of spurious cloud-edge supersaturation in cloud models},
author = {W.W. Grabowski and H. Morrison},
journal = {Monthly Weather Review},
volume = {136},
pages = {1224-1234},
year = {2008}
}

@article{Hal1995,
title = {A positive finite-difference advection scheme},
author = {W. Hundsdorfer and B. Koren and M. Van Loon and J.G. Verwer},
journal = {Journal of Computational Physics},
volume = {117},
pages = {35-46},
year = {1995}
}

@article{JS1996,
title = {Efficient implementation of weighted ENO schemes},
author = {G.-S. Jiang and C.-W. Shu},
journal = {Journal of Computational Physics},
volume = {126},
pages = {202-228},
year = {1996}
}

@article{Ket2010,
title = {Runge-Kutta methods with minimum storage implementations},
author = {D.I. Ketcheson},
journal = {Journal of Computational Physics},
volume = {229},
pages = {1,763-1,773},
year = {2010}
}

@article{KD1983,
title = {An upper boundary condition permitting internal gravity wave radiation in numerical mesoscale models},
author = {P. Bougeault},
journal = {Monthly Weather Review},
volume = {111},
pages = {430-444},
year = {1983}
}

@article{KC2002,
title = {Terminal velocities of droplets and crystals: Power laws with continuous parameters over the size spectrum},
author = {V.I. Khvorostyanov and J.A. Curry},
journal = {Journal of Atmospheric Sciences},
volume = {59},
pages = {1872-1884},
year = {2002}
}

@article{KT2000,
title = {New high-resolution central schemes for nonlinear conservation laws and
convection-diffusion equations},
author = {A. Kurganov and E. Tadmor},
journal = {Journal of Computational Physics},
volume = {160},
pages = {241-282},
year = {2010}
}

@article{MFal2011,
title = {Indirect and semi-direct aerosol campaign},
author = {G.M. McFarquhar et al.},
journal = {Bulletin of the American Meteorological Society},
volume = {92},
pages = {183-201},
year = {2011}
}

@article{Mal1998,
title = {Fully conservative high order finite difference schemes for incompressible flow},
author = {Y. Morinishi and T.S. Lund and O.V. Vasilyev and P. Moin},
journal = {Journal of Computational Physics},
volume = {143},
pages = {90-124},
year = {1998}
}

@article{Mal2005,
title = {A new double-moment microphysics parameterization for application in cloud and climate models. Part I:
Description},
author = {H. Morrison and J.A. Curry and V.I. Khvorostyanov},
journal = {Journal of Atmospheric Sciences},
volume = {62},
pages = {1,665-1,667},
year = {2005}
}

@article{MG2007,
title = {Modeling supersaturation and subgrid-scale mixing with two-moment bulk warm microphysics},
author = {H. Morrison and W.W. Grabowski},
journal = {Journal of Atmospheric Sciences},
volume = {65},
pages = {792-812},
year = {2008}
}

@Book{PK1997,
author = {H.R. Pruppacher and J.D. Klett},
title = {Microphysics of clouds and precipitation, 2nd edition},
publisher = {Kluwer Academic Publishers},
year = {1997}
}

@Techreport{LSODE,
author = {K. Radhakrishnan and A.C. Hindmarsh},
title = {Description and use of {LSODE}, the Livermore Solver for Ordinary Differential Equations},
institution = {Lawrence Livermore National Laboratory},
number = {UCRL-ID-113855},
address = {Livermore, CA, USA},
year = {1993}
}

@Book{RY1989,
author = {R.R. Rogers and M.K. Yau},
title = {A short course in cloud physics, 3rd edition},
publisher = {Butterworth-Heinemann},
year = {1989}
}

@article{SB2001,
title = {A double moment parameterization for simulating autoconversion, accretion and selfcollection},
author = {A. Seifert and K.D. Beheng},
journal = {Atmospheric Research},
volume = {59-60},
pages = {265-281},
year = {2001}
}

@article{SB2004,
title = {A two-moment cloud microphysics parameterization for mixed-phase clouds. Part I: Model descroption},
author = {A. Seifert and K.D. Beheng},
journal = {Meteorology and Atmospheric Physics},
volume = {92},
pages = {45-66},
year = {2006}
}

@article{Smago,
title = {General circulation experiments with the primitive equations: 1. The basic experiment},
author = {J. Smagorinsky},
journal = {Monthly Weather Review},
volume = {911},
pages = {99-164},
year = {1963}
}

@article{Smo1984,
title = {General circulation experiments with the primitive equations: 1. The basic experiment},
author = {P.K. Smolarkiewicz},
journal = {Journal of Computational Physics},
volume = {54},
pages = {325-362},
year = {1984}
}

@article{Sal2002,
title = {Effects of domain size and numerical resolution on the simulation of shallow cumulus convection},
author = {D.E. Stevens and A.S. Ackerman and C.S. Bretherton},
journal = {Journal of Atmospheric Sciences},
volume = {59},
pages = {3285-3301},
year = {2002}
}

@article{Sal2005,
title = {Evaluation of Large Eddy Simulations via observations of nocturnal marine stratocumulus},
author = {B. Stevens et al.},
journal = {Monthly Weather Review},
volume = {133},
pages = {1443-1462},
year = {2005}
}

@article{WC1993,
title = {A three-dimensional numerical model of cloud dynamics, microphysics, and chemistry: 1.
Concepts and formulation},
author = {C. Wang, J.S. Chang},
journal = {Journal of Geophysical Research},
volume = {98},
pages = {14,827-14,844},
year = {1993}
}

@article{Wil2009,
title = {A proposed modification to the Robert-Asselin time filter},
author = {P.D. Williams},
journal = {Monthly Weather Review},
volume = {137},
pages = {2538-2547},
year = {2009}
}

@article{XS2005,
title = {Anti-diffusive flux corrections for high order finite difference WENO schemes},
author = {Z. Xu and C.-W. Shu},
journal = {Journal of Computational Physics},
volume = {205},
pages = {458-485},
year = {2005}
}

@article{XL2001,
title = {Numerical equivalence of advection in flux and and advective forms and quadratically conservative high-order
advection schemes},
author = {M. Xue and S.-J. Lin},
journal = {Monthly Weather Review},
volume = {129},
pages = {561-565},
year = {2001}
}

@article{Zal1979,
title = {Fully multi-dimensional flux-corrected transport algorithms for fluids},
author = {S.T. Zalesak},
journal = {Journal of Computational Physics},
volume = {31},
pages = {335-362},
year = {1979}
}


